@book{Michelucci2017,
    title = {Applied Deep Learning - A Case-Based Approach to Understanding Deep Neural Networks},
    author = {Umberto Michelucci},
    isbn = {9780198520115},
    year = {2018},
    publisher = {APRESS Media, LLC},
    keywords = {Machine Learning}
}

@article{Kingma2014,
    author = "Kingma, D.P.; Ba, J. Adam",
    title = "Adam: A method for stochastic optimization. In Proceedings of 3rd.",
    journal = "In Proceedings of 3rd International Conference on Learning Representations, ICLR 2015",
    pages = "1--15",
    year = "2015",
}

@article{Michelucci2019,
    author = "Michelucci, U.; Baumgartner, M.; Venturini, F.",
    title = "Optical oxygen sensing with artificial intelligence.",
    journal = "Sensors",
    volume = "19",
    number = "777",
    pages = "1--15",
    year = "2019",
}


@article{Michelucci2019_2,
    author = "Michelucci, U.; Venturini, F.",
    title = "Multi-Task Learning for Multi-Dimensional Regression: Application to Luminescence Sensing.",
    journal = "Appl. Sci.",
    volume = "9",
    number = "4748",
    year = "2019",
}
